Automatically generated by Mendeley Desktop 1.19.8
Any changes to this file will be lost if it is regenerated by Mendeley.

BibTeX export options can be customized via Preferences -> BibTeX in Mendeley Desktop

@misc{bot_press,
author = {{Botpress Community}},
file = {:Users/mwellenhofer/Library/Application Support/Mendeley Desktop/Downloaded/ba2c569247ce41b2a05d1bd98fd55cbe71769da2.html:html},
howpublished = {https://botpress.com/blog/open-source-chatbots},
title = {{13 Best Open Source Chatbot Platforms to Use in 2022}},
url = {https://botpress.com/blog/open-source-chatbots},
urldate = {2021-10-07},
note = {Abgerufen am: 07.10.2021},
year = {2020}
}
@misc{sqlite,
author = {{The SQLite Consortium}},
booktitle = {SQLite},
file = {:Users/mwellenhofer/Library/Application Support/Mendeley Desktop/Downloaded/987359dddd9ee4b607875704a5c04989450a7b5a.html:html},
howpublished = {https://sqlite.org},
title = {{SQLite}},
url = {https://sqlite.org},
urldate = {2022-01-02},
note = {Abgerufen am: 02.01.2022},
year = {2021}
}
@misc{pipenv,
author = {{Python Software Foundation}},
file = {:Users/mwellenhofer/Library/Application Support/Mendeley Desktop/Downloaded/fc2eb91c7fe5d14578c20ac28c9a89779b115711.html:html},
howpublished = {https://pypi.org/project/pipenv/},
title = {pipenv},
url = {https://pypi.org/project/pipenv/},
urldate = {2021-09-02},
note = {Abgerufen am: 02.09.2021},
year = {2021}
}
@misc{python3.8.6,
author = {{Python Software Foundation}},
booktitle = {3.8.6 Python Documentation},
file = {:Users/mwellenhofer/Library/Application Support/Mendeley Desktop/Downloaded/0134844919d9b8372beee0ba6309fd19ebe8b018.html:html},
howpublished = {https://docs.python.org/3.8/},
title = {{Python 3.8.6}},
url = {https://docs.python.org/3.8/},
urldate = {2021-09-02},
note = {Abgerufen am: 02.09.2021},
year = {2021}
}
@misc{deepavlov,
author = {{Neural Networks and Deep Learning lab MIPT}},
file = {:Users/mwellenhofer/Library/Application Support/Mendeley Desktop/Downloaded/210cc729254b00465fa2efec023f11b0ef5053ec.html:html},
howpublished = {https://github.com/deepmipt/DeepPavlov},
title = {{DeepPavlov}},
url = {https://github.com/deepmipt/DeepPavlov},
urldate = {2021-10-08},
note = {Abgerufen am: 08.10.2021},
year = {2021}
}
@misc{telegramVergleich,
author = {Kremming, Katharina},
booktitle = {Messenger Kommunikation},
file = {:Users/mwellenhofer/Library/Application Support/Mendeley Desktop/Downloaded/815e6fa3a69893da7ea45173bec03d6884acb603.html:html},
howpublished = {https://www.messengerpeople.com/de/messaging-apps-brands-der-telegram-messenger/},
title = {{Telegram Messenger – Alles was Du wissen musst!}},
url = {https://www.messengerpeople.com/de/messaging-apps-brands-der-telegram-messenger/},
urldate = {2021-10-02},
note = {Abgerufen am: 02.10.2021},
year = {2021}
}
@misc{repo,
author = {Wellenhofer, Max},
booktitle = {coaching{\_}bot{\_}repository},
howpublished = {https://github.com/mwel/coaching{\_}bot},
title = {{The Coaching Bot Repository}},
url = {https://github.com/mwel/coaching{\_}bot},
urldate = {2022-03-27},
note = {Abgerufen am: 27.03.2022},
year = {2021}
}
@misc{ms-bot,
author = {Microsoft},
file = {:Users/mwellenhofer/Library/Application Support/Mendeley Desktop/Downloaded/ac637f3b69709f7e8c5893e56ad422946fce6419.html:html},
howpublished = {https://github.com/microsoft/botframework-sdk},
title = {{Microsoft Bot Framework}},
url = {https://github.com/microsoft/botframework-sdk},
urldate = {2021-10-08},
note = {Abgerufen am: 08.10.2021},
year = {2021}
}
@misc{botkit,
author = {Howdy},
file = {:Users/mwellenhofer/Library/Application Support/Mendeley Desktop/Downloaded/5cf26bd8025ae4d7dc99eec3e878c922fdbdb00a.html:html},
howpublished = {https://github.com/howdyai/botkit-cms},
title = {{Botkit CMS}},
url = {https://github.com/howdyai/botkit-cms},
urldate = {2021-10-08},
note = {Abgerufen am: 08.10.2021},
year = {2021}
}
@misc{apiIBM2020,
author = {IBM},
file = {:Users/mwellenhofer/Library/Application Support/Mendeley Desktop/Downloaded/e2b32394f6da3cf7b029f6e226e07de401e178fd.html:html},
howpublished = {https://www.ibm.com/cloud/learn/api},
title = {{Application Programming Interface (API)}},
url = {https://www.ibm.com/cloud/learn/api},
urldate = {2022-03-02},
note = {Abgerufen am: 02.03.2022},
year = {2020}
}
@misc{tock,
author = {Tock},
file = {:Users/mwellenhofer/Library/Application Support/Mendeley Desktop/Downloaded/441e4e33b103b8ab586826a48ceac85160de8e08.html:html},
howpublished = {https://github.com/theopenconversationkit/tock},
title = {{Tock - The Open Conversation Kit}},
url = {https://github.com/theopenconversationkit/tock},
urldate = {2021-10-08},
note = {Abgerufen am: 08.10.2021},
year = {2021}
}
@misc{HTML,
author = {W3CSchools},
booktitle = {HTML Introduction},
file = {:Users/mwellenhofer/Library/Application Support/Mendeley Desktop/Downloaded/02a9081b2057d2e0b309a72e2f3e091ec4f21be8.html:html},
howpublished = {https://www.w3schools.com/html/html{\_}intro.asp},
title = {{HTML Documentation}},
url = {https://www.w3schools.com/html/html{\_}intro.asp},
urldate = {2022-01-23},
note = {Abgerufen am: 23.01.2022},
year = {2019}
}
@misc{pythonQuickstart,
author = {{Google LLC}},
file = {:Users/mwellenhofer/Library/Application Support/Mendeley Desktop/Downloaded/8e26a1ee29ae6a9f159d75c59713f67c69b19edb.html:html},
howpublished = {https://developers.google.com/calendar/api/quickstart/python},
title = {{Google Calendar API - Python Quickstart}},
url = {https://developers.google.com/calendar/api/quickstart/python},
urldate = {2022-01-27},
note = {Abgerufen am: 27.01.2022},
year = {2022}
}
@misc{conversion,
author = {Payne, Scarlett},
file = {:Users/mwellenhofer/Library/Application Support/Mendeley Desktop/Downloaded/ad0505ae9e5ef8aa73717bb8daaffd378f4d32b1.html:html},
howpublished = {https://boldist.co/usability/chatbots-vs-contact-forms/},
title = {{Conversational Marketing: Do Chatbots Convert Better Than Web Forms?}},
url = {https://boldist.co/usability/chatbots-vs-contact-forms/},
urldate = {2021-10-11},
note = {Abgerufen am: 11.10.2021},
year = {2021}
}
@misc{botonic,
author = {Sorigu{\'{e}}, Sergi},
file = {:Users/mwellenhofer/Library/Application Support/Mendeley Desktop/Downloaded/bc276f3c354a94966569689ddf895c07c8b12301.html:html},
howpublished = {https://github.com/hubtype/botonic},
title = {{Botonic Open Source Framework}},
url = {https://github.com/hubtype/botonic},
urldate = {2021-10-08},
note = {Abgerufen am: 08.10.2021},
year = {2021}
}
@misc{GoogleCloudConsole,
author = {{Google LLC}},
file = {:Users/mwellenhofer/Library/Application Support/Mendeley Desktop/Downloaded/adfa8c1c131d232368668b4ae8fdd42c941a9ce8.html:html},
howpublished = {https://console.cloud.google.com/},
title = {{Google Cloud Platform}},
url = {https://console.cloud.google.com/},
urldate = {2022-01-16},
note = {Abgerufen am: 16.01.2022},
year = {2022}
}
@misc{parl-ai,
author = {Meta},
file = {:Users/mwellenhofer/Library/Application Support/Mendeley Desktop/Downloaded/7d1745798505b115a93b8f11d019de9ab0cea490.html:html},
howpublished = {https://ai.facebook.com/blog/state-of-the-art-open-source-chatbot/},
title = {{ParlAI}},
url = {https://ai.facebook.com/blog/state-of-the-art-open-source-chatbot/},
urldate = {2021-10-08},
note = {Abgerufen am: 08.10.2021},
year = {2020}
}
@misc{AiBot,
author = {swiss moonshot AG},
file = {:Users/mwellenhofer/Library/Application Support/Mendeley Desktop/Downloaded/cf192b50d07018f8a9d336c5ec1d30bc9bbf22f6.html:html},
howpublished = {https://www.aiaibot.com/de/plattform/chatbot-modul},
title = {{AiBot}},
url = {https://www.aiaibot.com/de/plattform/chatbot-modul},
year = {2021}
}
@misc{rasa,
abstract = {Open source machine learning tools for developers to build, improve, and deploy text-and voice-based chatbots and assistants},
author = {Rasa},
file = {:Users/mwellenhofer/Library/Application Support/Mendeley Desktop/Downloaded/c604ee782456ad0a26d2d14cfda37286a76d4025.html:html},
howpublished = {https://github.com/RasaHQ/rasa},
title = {{RasaHQ}},
url = {https://github.com/RasaHQ/rasa},
urldate = {2021-10-08},
note = {Abgerufen am: 08.10.2021},
year = {2021}
}
@misc{botpress,
author = {Botpress},
file = {:Users/mwellenhofer/Library/Application Support/Mendeley Desktop/Downloaded/1572715d41b21977cb2a77befb08d2c27820d352.html:html},
howpublished = {https://botpress.com/},
title = {{Botpress - The building blocks for building chatbots}},
url = {https://botpress.com/},
urldate = {2021-10-08},
note = {Abgerufen am: 08.10.2021},
year = {2021}
}
@misc{sqlite3API,
author = {{Python Software Foundation}},
booktitle = {3.8.6 Python Documentation},
file = {:Users/mwellenhofer/Library/Application Support/Mendeley Desktop/Downloaded/7a170c08e9afe819bd26b1ec8395122ac4536e33.html:html},
howpublished = {https://docs.python.org/3/library/sqlite3.html},
title = {{sqlite3 — DB-API 2.0 interface for SQLite databases}},
url = {https://docs.python.org/3/library/sqlite3.html https://github.com/python/cpython/tree/3.10/Lib/sqlite3/}
}
@misc{claudia-bot-builder,
author = {Claudia.js},
file = {:Users/mwellenhofer/Library/Application Support/Mendeley Desktop/Downloaded/a7761e3e22e598f7150a04beccba2b9e2f03d85c.html:html},
howpublished = {https://github.com/claudiajs/claudia-bot-builder},
title = {{Claudia Bot Builder}},
url = {https://github.com/claudiajs/claudia-bot-builder},
urldate = {2021-10-08},
note = {Abgerufen am: 08.10.2021},
year = {2021}
}
@misc{email.mime,
author = {{Python Software Foundation}},
booktitle = {3.8.12 Python Documentation},
file = {:Users/mwellenhofer/Library/Application Support/Mendeley Desktop/Downloaded/e86e6107c4e21a0867608bceaec374e0c6a38d77.html:html},
howpublished = {https://docs.python.org/3.8/library/email.mime.html},
title = {{email.mime: Creating email and MIME objects from scratch}},
url = {https://docs.python.org/3.8/library/email.mime.html},
urldate = {2022-01-02},
note = {Abgerufen am: 02.01.2022},
year = {2021}
}
@misc{python,
author = {{Refsnes Data}},
file = {:Users/mwellenhofer/Library/Application Support/Mendeley Desktop/Downloaded/416e7fc0eecd78dd253d179375625a5b8d34a8e6.html:html},
howpublished = {https://www.w3schools.com/python/python{\_}intro.asp},
title = {{Python Introduction}},
url = {https://www.w3schools.com/python/python{\_}intro.asp},
urldate = {2022-03-26},
note = {Abgerufen am: 26.03.2022},
year = {2021}
}
@misc{golem,
author = {{David Př{\'{i}}hoda}},
file = {:Users/mwellenhofer/Library/Application Support/Mendeley Desktop/Downloaded/6f9d654123b8b1abd44082c4d7b3fd2f84d948cf.html:html},
howpublished = {https://github.com/ThinkR-open/golem},
title = {{Golem Chatbot Framework}},
url = {https://github.com/ThinkR-open/golem},
urldate = {2021-10-08},
note = {Abgerufen am: 08.10.2021},
year = {2019}
}
@misc{smtplib,
author = {{Python Software Foundation}},
booktitle = {3.8.12 Python Documentation},
file = {:Users/mwellenhofer/Library/Application Support/Mendeley Desktop/Downloaded/31d796c882d250982c607d6f9b6f8b014168aa83.html:html},
howpublished = {https://docs.python.org/3.8/library/smtplib.html{\#}module-smtplib},
title = {{smtplib — SMTP protocol client}},
url = {https://docs.python.org/3.8/library/smtplib.html{\#}module-smtplib},
urldate = {2021-10-03},
note = {Abgerufen am: 03.10.2021},
year = {2021}
}
@misc{coreTelegram,
author = {{Telegram Messenger Inc.}},
booktitle = {Bots: An introduction for developers},
file = {:Users/mwellenhofer/Library/Application Support/Mendeley Desktop/Downloaded/c451a96a80e4ca5757860b3cc2f05db8e1718ad3.html:html},
howpublished = {https://core.telegram.org/bots},
title = {{Bots: An introduction for developers}},
url = {https://core.telegram.org/bots},
urldate = {2021-09-03},
note = {Abgerufen am: 03.09.2021},
year = {2021}
}
@unpublished{date_time,
abstract = {This document defines a date and time format for use in Internet protocols that is a profile of the ISO 8601 standard for representation of dates and times using the Gregorian calendar.},
author = {et. al. Klyne},
file = {:Users/mwellenhofer/Library/Application Support/Mendeley Desktop/Downloaded/d152e2da80632567e0a0691a33551b6334c3e24c.html:html},
institution = {Clearswift Corporation, Sun Microsystems},
series = {Standards Track},
title = {{Date and Time on the Internet: Timestamps}},
url = {https://datatracker.ietf.org/doc/html/rfc3339 https://www.rfc-editor.org/info/rfc2104},
year = {2002}
}
@misc{wit,
author = {Wit.ai},
file = {:Users/mwellenhofer/Library/Application Support/Mendeley Desktop/Downloaded/27c5f83cfd72c562e9fd0108405203e1c8ed1feb.html:html},
howpublished = {https://github.com/wit-ai},
title = {{Wit.ai - Natural Language for everyone}},
url = {https://github.com/wit-ai},
urldate = {2021-10-08},
note = {Abgerufen am: 08.10.2021},
year = {2021}
}
@misc{Nutzerzahlen,
author = {Mehner, Matthias},
file = {:Users/mwellenhofer/Library/Application Support/Mendeley Desktop/Downloaded/4dabcb1db0ed5b1a584821ee13afb33355fdf3d7.html:html},
howpublished = {https://www.messengerpeople.com/de/weltweite-nutzer-statistik-fuer-whatsapp-wechat-und-andere-messenger/},
title = {{Nutzerzahlen Messenger Apps Deutschland und Weltweit}},
url = {https://www.messengerpeople.com/de/weltweite-nutzer-statistik-fuer-whatsapp-wechat-und-andere-messenger/},
urldate = {2022-01-11},
note = {Abgerufen am: 11.01.2022},
year = {2022}
}
@misc{telegramAPIext,
author = {Toledo, Leandro},
booktitle = {telegram.ext package},
file = {:Users/mwellenhofer/Library/Application Support/Mendeley Desktop/Downloaded/4d43fa23f35b9483cf31e4817ec5f088e76a42b1.html:html},
howpublished = {https://python-telegram-bot.readthedocs.io/en/stable/telegram.ext.html},
title = {telegram.ext package},
url = {https://python-telegram-bot.readthedocs.io/en/stable/telegram.ext.html},
urldate = {2021-09-02},
note = {Abgerufen am: 02.09.2021},
year = {2021}
}
@misc{telegram,
author = {{Telegram Messenger Inc.}},
file = {:Users/mwellenhofer/Library/Application Support/Mendeley Desktop/Downloaded/796e1e3ccb0814d3fcb369d1b283acb32e09e79d.html:html},
howpublished = {https://telegram.org/},
title = {{Telegram App}},
url = {https://telegram.org/},
urldate = {2021-10-02},
note = {Abgerufen am: 02.10.2021},
year = {2021}
}
@misc{botlibre,
author = {Botlibre.org},
file = {:Users/mwellenhofer/Library/Application Support/Mendeley Desktop/Downloaded/b77f8acddf9b5efc045fd360920f5a8844c69b7e.html:html},
howpublished = {https://www.botlibre.com/},
title = {{Bot Libre}},
url = {https://www.botlibre.com/},
urldate = {2021-10-08},
note = {Abgerufen am: 08.10.2021},
year = {2021}
}
@misc{opendialog,
author = {OpenDialog},
file = {:Users/mwellenhofer/Library/Application Support/Mendeley Desktop/Downloaded/6a1045fab3e7485f10508c1da24a59c4d205ce15.html:html},
howpublished = {https://opendialog.ai/},
title = {{OpenDialog}},
url = {https://opendialog.ai/ https://docs.opendialog.ai/},
urldate = {2021-10-08},
note = {Abgerufen am: 08.10.2021},
year = {2021}
}
@misc{flask,
author = {Pallets},
file = {:Users/mwellenhofer/Library/Application Support/Mendeley Desktop/Downloaded/f0f7836728973677dee17f6705f721cde50c2613.html:html},
howpublished = {https://flask.palletsprojects.com/en/2.0.x/},
title = {{Flask Documentation}},
url = {https://flask.palletsprojects.com/en/2.0.x/},
urldate = {2022-02-08},
note = {Abgerufen am: 08.02.2022},
year = {2022}
}
@misc{googleCalAPI,
author = {{Google LLC}},
booktitle = {Calendar API},
file = {:Users/mwellenhofer/Library/Application Support/Mendeley Desktop/Downloaded/8b1a4f4a1c892195ae12f0e84c8d280fd5d17ca6.html:html},
howpublished = {https://googleapis.github.io/google-api-python-client/docs/dyn/calendar{\_}v3.html},
title = {{GoogleCalendarAPI}},
url = {https://googleapis.github.io/google-api-python-client/docs/dyn/calendar{\_}v3.html https://developers.google.com/calendar/api},
urldate = {2022-01-16},
note = {Abgerufen am: 16.01.2022},
year = {2022}
}
@misc{conversationBot,
author = {Toledo, Leandro},
booktitle = {python-telegram-bot repository},
file = {:Users/mwellenhofer/Library/Application Support/Mendeley Desktop/Downloaded/c4b7f9367b2a89aa8648268aff610f1f104f74bc.html:html},
howpublished = {https://github.com/python-telegram-bot/python-telegram-bot/blob/master/examples/conversationbot.py},
title = {python-telegram-bot},
url = {https://github.com/python-telegram-bot/python-telegram-bot/blob/master/examples/conversationbot.py},
urldate = {2021-09-02},
note = {Abgerufen am: 02.09.2021},
year = {2021}
}
@misc{telegramAPI,
author = {Toledo, Leandro},
booktitle = {Python Telegram Bot's documentation},
howpublished = {https://python-telegram-bot.readthedocs.io/en/stable/index.html{\#}},
title = {{Telegram API Documentation}},
url = {https://python-telegram-bot.readthedocs.io/en/stable/index.html{\#}},
urldate = {2022-09-02},
note = {Abgerufen am: 02.09.2022},
year = {2021}
}
@misc{telegram_ext_intro,
author = {Bibo-Joshi},
file = {:Users/mwellenhofer/Library/Application Support/Mendeley Desktop/Downloaded/89c0b5429644c6e57291a03d8f899d4327d55fbc.html:html},
howpublished = {https://github.com/python-telegram-bot/python-telegram-bot/wiki/Extensions-–-Your-first-Bot},
title = {{Extensions – Your first Bot}},
url = {https://github.com/python-telegram-bot/python-telegram-bot/wiki/Extensions-–-Your-first-Bot},
urldate = {2022-03-26},
note = {Abgerufen am: 26.03.2022},
year = {2022}
}
@misc{bottender,
author = {YOCTOL.AI},
file = {:Users/mwellenhofer/Library/Application Support/Mendeley Desktop/Downloaded/464bb49f04c7f6fb5e8755ed5b56e8ebc80ecbca.html:html},
howpublished = {https://github.com/yoctol/bottender},
title = {{Bottender}},
url = {https://github.com/yoctol/bottender},
urldate = {2021-10-08},
note = {Abgerufen am: 08.10.2021},
year = {2021}
}
@misc{datetime,
author = {{Python Software Foundation}},
booktitle = {3.8.12 Python Documentation},
file = {:Users/mwellenhofer/Library/Application Support/Mendeley Desktop/Downloaded/750ed745b8ad98eaf16de44fdaedf46515d01e05.html:html},
howpublished = {https://docs.python.org/3.8/library/datetime.html},
title = {{datetime — Basic date and time types}},
url = {https://docs.python.org/3.8/library/datetime.html},
urldate = {2021-10-02},
note = {Abgerufen am: 02.10.2021},
year = {2021}
}
@misc{anachat,
author = {{NowFloats Technologies Pvt Ltd}},
file = {:Users/mwellenhofer/Library/Application Support/Mendeley Desktop/Downloaded/3f21107ad1818613b755cbe3cebb85054edec8d2.html:html},
howpublished = {https://github.com/nowfloats/ProjectAna},
title = {{Project Ana - Open Source Conversation Suite}},
url = {https://www.ana.chat/ https://github.com/nowfloats/ProjectAna},
urldate = {2021-10-08},
note = {Abgerufen am: 08.10.2021},
year = {2019}
}
@misc{core_telegram_api,
author = {{Telegram Messenger Inc.}},
file = {:Users/mwellenhofer/Library/Application Support/Mendeley Desktop/Downloaded/61eee9bf04dde8760c25113bce2c040cbf70ade6.html:html},
howpublished = {https://core.telegram.org/bots/api},
title = {{Telegram Bot API}},
url = {https://core.telegram.org/bots/api},
urldate = {2021-09-01},
note = {Abgerufen am: 01.09.2021},
year = {2021}
}
@misc{KI-Coaching,
author = {Grams, Benno},
booktitle = {Coaching-Magazin, Ausgabe 4, 2019},
file = {:Users/mwellenhofer/Library/Application Support/Mendeley Desktop/Downloaded/5ffbbb6c6112d6adc046e78bcd80946a21010b29.html:html},
howpublished = {https://www.coaching-magazin.de/beruf-coach/kuenstliche-intelligenz-in-der-coaching-praxis},
title = {{K{\"{u}}nstliche Intelligenz in der Coaching-Praxis}},
url = {https://www.coaching-magazin.de/beruf-coach/kuenstliche-intelligenz-in-der-coaching-praxis},
urldate = {2021-10-15},
note = {Abgerufen am: 15.10.2021},
year = {2019}
}
@misc{conversionRate,
annote = {2022-01-26},
author = {Ahern, Greg},
file = {:Users/mwellenhofer/Library/Application Support/Mendeley Desktop/Downloaded/1b71a7b58e09a260cfb43a8b1cebd951e2588102.html:html},
howpublished = {https://www.ometrics.com/blog/conversion-rate-optimization-and-chatbots/},
title = {{Conversion Rate Optimization and Chatbots}},
url = {https://www.ometrics.com/blog/conversion-rate-optimization-and-chatbots/},
urldate = {2022-01-26},
note = {Abgerufen am: 26.01.2022},
year = {2021}
}
@misc{botman,
author = {{Marcel Pociot}},
file = {:Users/mwellenhofer/Library/Application Support/Mendeley Desktop/Downloaded/ee843109d3582f135cc80353e2136f1c4623a873.html:html},
howpublished = {https://github.com/botman/botman},
title = {{Botman - PHP chatbot framework}},
url = {https://github.com/botman/botman},
urldate = {2021-10-08},
note = {Abgerufen am: 08.10.2021},
year = {2021}
}
@misc{apiExplorer,
author = {{Google LLC}},
file = {:Users/mwellenhofer/Library/Application Support/Mendeley Desktop/Downloaded/119d99117e71cd80dc8b723fee567249da160389.html:html},
howpublished = {https://developers.google.com/explorer-help/},
title = {{Google APIs Explorer overview}},
url = {https://developers.google.com/explorer-help/},
urldate = {2022-01-29},
note = {Abgerufen am: 29.01.2022},
year = {2022}
}
