Automatically generated by Mendeley Desktop 1.19.8
Any changes to this file will be lost if it is regenerated by Mendeley.

BibTeX export options can be customized via Preferences -> BibTeX in Mendeley Desktop

@misc{googleCalAPI,
author = {{Google LLC}},
booktitle = {Calendar API},
file = {:Users/mwellenhofer/Library/Application Support/Mendeley Desktop/Downloaded/8b1a4f4a1c892195ae12f0e84c8d280fd5d17ca6.html:html},
howpublished = {https://googleapis.github.io/google-api-python-client/docs/dyn/calendar{\_}v3.html},
title = {{GoogleCalendarAPI}},
url = {https://googleapis.github.io/google-api-python-client/docs/dyn/calendar{\_}v3.html https://developers.google.com/calendar/api},
urldate = {2022-01-16},
year = {2022}
}
@misc{pipenv,
author = {Foundation, Python Software},
file = {:Users/mwellenhofer/Library/Application Support/Mendeley Desktop/Downloaded/fc2eb91c7fe5d14578c20ac28c9a89779b115711.html:html},
howpublished = {https://pypi.org/project/pipenv/},
title = {pipenv},
url = {https://pypi.org/project/pipenv/},
urldate = {2021-09-02},
year = {2021}
}
@misc{Telegram.org,
author = {Telegram.org},
booktitle = {Bots: An introduction for developers},
file = {:Users/mwellenhofer/Library/Application Support/Mendeley Desktop/Downloaded/c451a96a80e4ca5757860b3cc2f05db8e1718ad3.html:html},
howpublished = {https://core.telegram.org/bots},
title = {{Bots: An introduction for developers}},
url = {https://core.telegram.org/bots},
year = {2021}
}
@misc{sqlite3API,
author = {Foundation, Python Software},
booktitle = {sqlite3 — DB-API 2.0 interface for SQLite databases},
file = {:Users/mwellenhofer/Library/Application Support/Mendeley Desktop/Downloaded/7a170c08e9afe819bd26b1ec8395122ac4536e33.html:html},
title = {{sqlite3 — DB-API 2.0 interface for SQLite databases}},
url = {https://docs.python.org/3/library/sqlite3.html https://github.com/python/cpython/tree/3.10/Lib/sqlite3/}
}
@misc{displayDataPHP,
author = {Alpha{\_}luna},
file = {:Users/mwellenhofer/Library/Application Support/Mendeley Desktop/Downloaded/5d9703c979f1c42dc591375702092e6abc3e6430.html:html},
howpublished = {https://www.sourcecodester.com/tutorials/php/10294/how-display-data-database-table-phpmysql-using-pdo-query.html},
title = {how-display-data-database-table-phpmysql-using-pdo-query},
url = {https://www.sourcecodester.com/tutorials/php/10294/how-display-data-database-table-phpmysql-using-pdo-query.html}
}
@misc{telegramAPIext,
author = {{Leandro Toledo}},
booktitle = {telegram.ext package},
file = {:Users/mwellenhofer/Library/Application Support/Mendeley Desktop/Downloaded/4d43fa23f35b9483cf31e4817ec5f088e76a42b1.html:html},
howpublished = {https://python-telegram-bot.readthedocs.io/en/stable/telegram.ext.html},
title = {telegram.ext package},
url = {https://python-telegram-bot.readthedocs.io/en/stable/telegram.ext.html},
urldate = {2021-09-02},
year = {2021}
}
@misc{conversationBot,
author = {{Leandro Toledo et. al.}},
booktitle = {python-telegram-bot repository},
file = {:Users/mwellenhofer/Library/Application Support/Mendeley Desktop/Downloaded/c4b7f9367b2a89aa8648268aff610f1f104f74bc.html:html},
title = {python-telegram-bot},
url = {https://github.com/python-telegram-bot/python-telegram-bot/blob/master/examples/conversationbot.py},
urldate = {2021-09-02},
year = {2021}
}
@misc{php,
author = {{PHP Group}},
booktitle = {PHP 8.1.2},
file = {:Users/mwellenhofer/Library/Application Support/Mendeley Desktop/Downloaded/0b005f2bbf9fadbacbf331363702530d4f29c060.html:html},
howpublished = {https://www.php.net/},
title = {{PHP 8.1.2}},
url = {https://www.php.net/},
urldate = {2022-01-22},
year = {2022}
}
@misc{persistance,
author = {{Leandro Toledo}},
booktitle = {Telegram API Persistance},
file = {:Users/mwellenhofer/Library/Application Support/Mendeley Desktop/Downloaded/826f6b8374dafe505420b06d1bf5123e72cb2f5d.html:html},
howpublished = {https://python-telegram-bot.readthedocs.io/en/stable/telegram.ext.dictpersistence.html},
title = {{Telegram API Persistance}},
url = {https://python-telegram-bot.readthedocs.io/en/stable/telegram.ext.dictpersistence.html},
year = {2021}
}
@misc{HTML,
author = {W3CSchools},
booktitle = {HTML Introduction},
file = {:Users/mwellenhofer/Library/Application Support/Mendeley Desktop/Downloaded/02a9081b2057d2e0b309a72e2f3e091ec4f21be8.html:html},
howpublished = {https://www.w3schools.com/html/html{\_}intro.asp},
title = {{HTML Documentation}},
url = {https://www.w3schools.com/html/html{\_}intro.asp},
urldate = {2022-01-23},
year = {2019}
}
@misc{sqlite,
author = {{The SQLite Consortium}},
booktitle = {SQLite},
file = {:Users/mwellenhofer/Library/Application Support/Mendeley Desktop/Downloaded/987359dddd9ee4b607875704a5c04989450a7b5a.html:html},
howpublished = {https://sqlite.org},
title = {{SQLite}},
url = {https://sqlite.org},
urldate = {2022-01-02},
year = {2021}
}
@misc{repo,
author = {Wellenhofer, Max},
booktitle = {coaching{\_}bot{\_}repository},
howpublished = {https://github.com/mwel/coaching{\_}bot},
title = {{The Coaching Bot Repository}},
url = {https://github.com/mwel/coaching{\_}bot},
urldate = {2022-02-27},
year = {2021}
}
@misc{telegramAPI,
author = {{Leandro Toledo}},
booktitle = {Python Telegram Bot's documentation},
howpublished = {https://python-telegram-bot.readthedocs.io/en/stable/index.html{\#}},
title = {{Telegram API Documentation}},
url = {https://python-telegram-bot.readthedocs.io/en/stable/index.html{\#}},
urldate = {2022-09-02},
year = {2021}
}
@misc{sendInvite,
author = {Vacher, Auberon},
booktitle = {sending-meeting-invitations-with-python},
file = {:Users/mwellenhofer/Library/Application Support/Mendeley Desktop/Downloaded/ade87f809ff0b5cc03bef48d733fde9965aece3a.html:html},
howpublished = {https://stackoverflow.com/questions/4823574/sending-meeting-invitations-with-python},
title = {{Sending Meeting Invitations with Python}},
url = {https://stackoverflow.com/questions/4823574/sending-meeting-invitations-with-python},
year = {2013}
}
@misc{python3.8.6,
author = {Foundation, Python Software},
booktitle = {Python 3.8.6},
file = {:Users/mwellenhofer/Library/Application Support/Mendeley Desktop/Downloaded/0134844919d9b8372beee0ba6309fd19ebe8b018.html:html},
howpublished = {https://docs.python.org/3.8/},
title = {{Python 3.8.6}},
url = {https://docs.python.org/3.8/},
urldate = {2021-09-02},
year = {2021}
}
